% This file was created with JabRef 2.9.2.
% Encoding: Cp1252

@MISC{APRSdroid,
  author = {Geprg :ukas},
  title = {APRSdroid (GitHub)},
  howpublished = {\url{https://github.com/ge0rg/aprsdroid}},
  month = {December},
  year = {2013}
}

@MISC{Beech1998,
  author = {William A. Beech},
  title = {AX.25 Link Access Protocol for Amateur Packet Radio},
  howpublished = {\url{https://www.tapr.org/pdf/AX25.2.2.pdf}},
  month = {July},
  year = {1998}
}

@BOOK{Bergquist2001,
  title = {Ham Radio Operator's Guide},
  publisher = {PROMPT Publications},
  year = {2001},
  editor = {Cricket A. Franklin},
  author = {Carl Bergquist},
  edition = {Second Edition}
}

@MISC{Bruninga,
  author = {Bob Bruninga},
  title = {Automated Packet Reporting System},
  howpublished = {\url{http://aprs.org/}}
}

@MISC{Bruninga2013,
  author = {Bob Bruninga},
  title = {APRS SPEC Addendum 1.2 Proposals},
  howpublished = {\url{http://www.aprs.org/aprs12.html}},
  month = {July},
  year = {2013}
}

@MISC{Bruninga2004,
  author = {Bob Bruninga},
  title = {APRS SPEC Addendum 1.1},
  howpublished = {\url{http://www.aprs.org/aprs11.html}},
  month = {July},
  year = {2004}
}

@MISC{Byonics,
  author = {Byonics},
  title = {Byonics TinyTrak},
  howpublished = {\url{http://www.byonics.com/tinytrak/}}
}

@MISC{Commission2012,
  author = {Federal Communications Commission},
  title = {VHF/UHF NARROWBANDING INFORMATION},
  howpublished = {\url{http://transition.fcc.gov/pshs/public-safety-spectrum/narrowbanding.html}},
  year = {2012}
}

@MISC{Kenwood,
  author = {Kenwood U.S.A Corporation},
  title = {TM-D700A Owner Manual},
  howpublished = {\url{http://www.kenwoodusa.com/UserFiles/File/UnitedStates/Communications/AMA/Manuals/TM-D700-Owner-Manual.PDF}}
}

@BOOK{Gallagher1997,
  title = {Mobile Telecommunications Networking With IS-41},
  publisher = {McGraw-Hill},
  year = {1997},
  author = {Michaek D. Gallagher and Randall A. Snyder}
}

@BOOK{Goleniewski2006,
  title = {Telecommunications Essentials},
  publisher = {Addison-Wesley},
  year = {2006},
  editor = {Kitty Wilson Jarret},
  author = {Lillian Goleniewski},
  edition = {Second Edition}
}

@MISC{Graham-Smith2014,
  author = {Darien Graham-Smith},
  title = {How to: How much RAM do you really need?},
  howpublished = {\url{http://www.pcauthority.com.au/Feature/375815,how-to-how-much-ram-do--you-really-need.aspx}},
  month = {March},
  year = {2014}
}

@MISC{Group2012,
  author = {GTA-West Regional Packet Group},
  title = {Introduction to Packet Radio for ARES},
  howpublished = {\url{http://barc.ca/wordpress/wp-content/uploads/2014/07/Packet_Basics_GTAW.pdf}},
  year = {2012}
}

@MISC{Group2000,
  author = {The APRS Working Group},
  title = {Automatic Position Reporting System: APRS Protocol Reference},
  howpublished = {\url{http://www.aprs.org/doc/APRS101.PDF}},
  month = {August},
  year = {2000}
}

@BOOK{Helms1992,
  title = {All About Ham Radio},
  publisher = {HighText Publications},
  year = {1992},
  author = {Harry Helms}
}

@BOOK{Javvin2006,
  title = {Network Protocols Handbook},
  publisher = {Javvin Technologies, Inc.},
  year = {2006},
  author = {Javvin},
  edition = {Third Edition}
}

@MISC{Kantronics2014,
  author = {Kantronics},
  title = {KPC-3+ Packet Communicator},
  howpublished = {\url{http://www.kantronics.com/products/kpc3.html}},
  year = {2014}
}

@MISC{Miller,
  author = {Scott Miller},
  title = {APRS and Packet Radio Products},
  howpublished = {\url{http://www.argentdata.com/products/aprs.html}}
}

@MISC{Newegg,
  author = {Newegg},
  title = {Rosewill RC-701 5.1 Channels PCI Interface Sound Card},
  howpublished = {\url{http://www.newegg.com/Product/Product.aspx?Item=N82E16829265001}},
  year = {2014}
}

@MISC{Outlet2014,
  author = {Ham Radio Outlet},
  title = {KANTRONICS KPC-3 PLUS},
  howpublished = {\url{http://www.hamradio.com/detail.cfm?pid=H0-000229}},
  year = {2014}
}

@BOOK{Peterson2011,
  title = {Computer Networks: A Systems Approach},
  publisher = {Elsevier},
  year = {2011},
  author = {Larry L. Peterson and Bruce S. Davie},
  edition = {Fifth Edition}
}

@MISC{Rossopoylos,
  author = {George Rossopoylos},
  title = {AGW Packet Engine},
  howpublished = {\url{http://www.sv2agw.com/ham/agwpe.htm}}
}

@MISC{Sailer2000,
  author = {Thomas Sailer},
  title = {Soundmodem on Modern Operating Systems},
  howpublished = {\url{https://www.tapr.org/pdf/DCC2000-SOUNDMODEMonOS-HB9JNX-AE4WA.pdf}},
  month = {August},
  year = {2000}
}

@MISC{Sailer1997,
  author = {Thomas Sailer},
  title = {Using a PC and a Soundcard for Popular Amateur Digital Modes},
  howpublished = {\url{http://www.tapr.org/pdf/DCC1997-Soundcard4Digital-HB9JNX.pdf}},
  year = {1997}
}

@MISC{Smith2009,
  author = {Stephen H. Smith},
  title = {TNC Test CD},
  howpublished = {\url{http://www.wa8lmf.net/TNCtest/}},
  month = {August},
  year = {2009}
}

@MISC{4Gon,
  author = {4Gon Solutions},
  title = {Factors Affecting Wireless Networking Performance},
  howpublished = {\url{http://www.4gon.co.uk/solutions/technical_factors_affecting_wireless_performance.php\#range}}
}

@BOOK{Sosinsky2009,
  title = {Networking Bible},
  publisher = {Wiley Publishing, Inc.},
  year = {2009},
  author = {Barrie Sosinsky}
}

@MISC{stauffer1984fsk,
  author = {Stauffer, M.K.},
  title = {FSK Voiceband modem using digital filters},
  howpublished = {\url{http://www.google.com/patents/US4425665}},
  month = {January},
  year = {1984},
  note = {US Patent 4,425,665},
  publisher = {Google Patents}
}

@MISC{Foxtrak,
  author = {Fox Delta Project Team},
  title = {FOXTRAK :: APRS Viewers, Trackers \& GPS Encoder},
  howpublished = {\url{http://www.foxdelta.com/products/foxtrak.htm}}
}

@MISC{javax25github,
  author = {Sivan Toledo},
  title = {javAX25 (GitHub)},
  howpublished = {\url{https://github.com/sivantoledo/javAX25}},
  month = {April},
  year = {2012}
}

@ARTICLE{Toledo2012,
  author = {Sivan Toledo},
  title = {A High-Performance Sound-Card AX.25 Modem},
  journal = {QEX},
  year = {2012},
  volume = {July / August 2012},
  pages = {19-25},
  howpublished = {\url{http://www.tau.ac.il/~stoledo/Bib/Pubs/QEX-JulAug-2012.pdf}}
}

@MISC{Yaesu,
  author = {Yaesu USA},
  title = {FTM-350 Series APRS Manual},
  howpublished = {\url{http://www.yaesu.com/indexVS.cfm?cmd=DisplayProducts&ProdCatID=106&encProdID=33C814E3D04C92310507ECDE68CC3C01&DivisionID}}
}

@BOOK{Gibilisco1994,
  title = {Amateur Radio Encyclopedia},
  publisher = {TAB Books},
  year = {1994},
  editor = {Stan Gibilisco}
}

@BOOK{Silver2013,
  title = {The ARRL Handbook for Radio Communications 2014},
  publisher = {The Amatuer Radio Relay League, Inc.},
  year = {2013},
  editor = {H. Ward Silver},
  edition = {91}
}

@BOOK{Wolfgang2005,
  title = {Now You're Talking!
	
	All you Need for Your First Amateur Radio License},
  publisher = {The Amatuer Radio Relay League, Inc.},
  year = {2005},
  editor = {Larry D. Wolfgang},
  edition = {5th Edition}
}

@MISC{ITUV23,
  title = {600/1200-Baud Modem Standarized for Use in the General Switched Telephone
	Network},
  howpublished = {/url{https://www.itu.int/rec/T-REC-V.23-198811-I/en}},
  month = {November},
  year = {1988},
  note = {V.23},
  number = {V.23},
  organization = {International Tellecommunication Union}
}

